<?xml version="1.0" encoding="UTF-8"?><collection xmlns="http://www.loc.gov/MARC21/slim"><record><leader>00400nam--2200121-i-4500</leader><controlfield tag="001">000035441</controlfield><controlfield tag="002">20161230</controlfield><controlfield tag="005">20161230201040</controlfield><controlfield tag="008">060222s1000------------r-----000-0-eng-d</controlfield><datafield ind1=" " ind2=" " tag="080"><subfield code="a">061.62(047.1:492)</subfield></datafield><datafield ind1=" " ind2=" " tag="245"><subfield code="a">National institute for nuclear physics and high energy physics, section k.annual report:jan 1981-june 1982</subfield></datafield><datafield ind1=" " ind2=" " tag="260"><subfield code="a">Amsterdam, National Institute For Nuclear Physics, 1981</subfield></datafield><datafield ind1=" " ind2=" " tag="852"><subfield code="a">70561</subfield></datafield></record></collection>